@misc{Wang2004,
    title = {{A brief review of computational gene prediction methods.}},
    year = {2004},
    booktitle = {Genomics, proteomics {\&} bioinformatics / Beijing Genomics Institute},
    author = {Wang, Zhuo and Chen, Yazhu and Li, Yixue},
    number = {4},
    pages = {216--221},
    volume = {2},
    doi = {10.1016/S1672-0229(04)02028-5},
    issn = {16720229},
    pmid = {15901250}
}

@article{Stanke2005,
    title = {{AUGUSTUS: A web server for gene prediction in eukaryotes that allows user-defined constraints}},
    year = {2005},
    journal = {Nucleic Acids Research},
    author = {Stanke, Mario and Morgenstern, Burkhard},
    number = {SUPPL. 2},
    month = {7},
    volume = {33},
    doi = {10.1093/nar/gki458},
    issn = {03051048}
}

@article{Stanke2006,
    title = {{AUGUSTUS: ab initio prediction of alternative transcripts}},
    year = {2006},
    journal = {Nucleic Acids Research},
    author = {Stanke, M. and Keller, O. and Gunduz, I. and Hayes, A. and Waack, S. and Morgenstern, B.},
    number = {Web Server},
    month = {7},
    pages = {W435-W439},
    volume = {34},
    url = {https://academic.oup.com/nar/article-lookup/doi/10.1093/nar/gkl200},
    doi = {10.1093/nar/gkl200},
    issn = {0305-1048}
}

@article{Gao2004,
    title = {{Comparison of various algorithms for recognizing short coding sequences of human genes}},
    year = {2004},
    journal = {Bioinformatics},
    author = {Gao, F. and Zhang, C.-T.},
    number = {5},
    month = {3},
    pages = {673--681},
    volume = {20},
    url = {https://academic.oup.com/bioinformatics/article-lookup/doi/10.1093/bioinformatics/btg467},
    doi = {10.1093/bioinformatics/btg467},
    issn = {1367-4803}
}

@techreport{Angelova2010,
    title = {{Computational Methods for Gene Finding in Prokaryotes}},
    year = {2010},
    booktitle = {ICT Innovations},
    author = {Angelova, Mihaela and Kalajdziski, Slobodan and Kocarev, Ljupco},
    url = {http://ictinnovations.org/2010,},
    keywords = {ab initio prediction, gene prediction, homology-based search, prokaryotes}
}

@article{Rogozin2002,
    title = {{Congruent evolution of different classes of non-coding DNA in prokaryotic genomes}},
    year = {2002},
    journal = {Nucleic Acids Research},
    author = {Rogozin, I. B.},
    number = {19},
    month = {10},
    pages = {4264--4271},
    volume = {30},
    publisher = {Oxford University Press (OUP)},
    doi = {10.1093/nar/gkf549},
    issn = {0305-1048}
}

@article{Larsen2003,
    title = {{EasyGene - A prokaryotic gene finder that ranks ORFs by statistical significance}},
    year = {2003},
    journal = {BMC Bioinformatics},
    author = {Larsen, Thomas Schou and Krogh, Anders},
    month = {6},
    volume = {4},
    doi = {10.1186/1471-2105-4-21},
    issn = {14712105},
    keywords = {Automated genome annotation, Computational gene finding, Hidden Markov model, Short open reading frames, Statistical significance}
}

@misc{ECO1,
    title = {{Escherichia coli str. K-12 substr. MG1655 - Ensembl Genomes 45}},
    url = {http://bacteria.ensembl.org/Escherichia_coli_str_k_12_substr_mg1655/Info/Index}
}

@article{Besemer2005,
    title = {{GeneMark: Web software for gene finding in prokaryotes, eukaryotes and viruses}},
    year = {2005},
    journal = {Nucleic Acids Research},
    author = {Besemer, John and Borodovsky, Mark},
    number = {SUPPL. 2},
    month = {7},
    volume = {33},
    doi = {10.1093/nar/gki487},
    issn = {03051048}
}

@article{Delcher2007,
    title = {{Identifying bacterial genes and endosymbiont DNA with Glimmer}},
    year = {2007},
    journal = {Bioinformatics},
    author = {Delcher, Arthur L. and Bratke, Kirsten A. and Powers, Edwin C. and Salzberg, Steven L.},
    number = {6},
    month = {3},
    pages = {673--679},
    volume = {23},
    doi = {10.1093/bioinformatics/btm009},
    issn = {13674803},
    pmid = {17237039}
}

@article{Hyatt2010,
    title = {{Prodigal: Prokaryotic gene recognition and translation initiation site identification}},
    year = {2010},
    journal = {BMC Bioinformatics},
    author = {Hyatt, Doug and Chen, Gwo Liang and LoCascio, Philip F. and Land, Miriam L. and Larimer, Frank W. and Hauser, Loren J.},
    month = {3},
    volume = {11},
    doi = {10.1186/1471-2105-11-119},
    issn = {14712105},
    pmid = {20211023}
}

@article{Haeusermann2018APrivacy,
    title = {{A JOB Empirical Bioethics Genes wide open: Data sharing and the social gradient of genomic privacy}},
    year = {2018},
    author = {Haeusermann, Tobias and Fadda, Marta and Blasimme, Alessandro and Greshake Tzovaras, Bastian and Vayena, Effy},
    url = {http://www.tandfonline.com/action/journalInformation?journalCode=uabr21},
    doi = {10.1080/23294515.2018.1550123},
    issn = {2329-4523}
}

@article{Back1993AnOptimization,
    title = {{An Overview of Evolutionary Algorithms for Parameter Optimization}},
    year = {1993},
    journal = {Evolutionary Computation},
    author = {B{\"{a}}ck, Thomas and Schwefel, Hans-Paul},
    number = {1},
    month = {3},
    pages = {1--23},
    volume = {1},
    publisher = {MIT Press},
    url = {http://www.mitpressjournals.org/doi/10.1162/evco.1993.1.1.1},
    doi = {10.1162/evco.1993.1.1.1},
    issn = {1063-6560}
}

@article{Venetz2019ChemicalFunctionality,
    title = {{Chemical synthesis rewriting of a bacterial genome to achieve design flexibility and biological functionality}},
    year = {2019},
    journal = {Proceedings of the National Academy of Sciences},
    author = {Venetz, Jonathan E. and Medico, Luca Del and W{\"{o}}lfle, Alexander and Sch{\"{a}}chle, Philipp and Bucher, Yves and Appert, Donat and Tschan, Flavia and Flores-Tinoco, Carlos E. and Kooten, Mariëlle van and Guennoun, Rym and Deutsch, Samuel and Christen, Matthias and Christen, Beat},
    number = {16},
    month = {4},
    pages = {8070--8079},
    volume = {116},
    publisher = {National Academy of Sciences},
    url = {https://www.pnas.org/content/116/16/8070},
    doi = {10.1073/PNAS.1818259116},
    issn = {0027-8424},
    pmid = {30936302}
}

@article{Coudray2018ClassificationLearning,
    title = {{Classification and mutation prediction from non–small cell lung cancer histopathology images using deep learning}},
    year = {2018},
    journal = {Nature Medicine},
    author = {Coudray, Nicolas and Ocampo, Paolo Santiago and Sakellaropoulos, Theodore and Narula, Navneet and Snuderl, Matija and Feny{\"{o}}, David and Moreira, Andre L. and Razavian, Narges and Tsirigos, Aristotelis},
    isbn = {4159101801},
    doi = {10.1038/s41591-018-0177-5},
    issn = {1546170X},
    pmid = {30224757}
}

@incollection{Mendes2009ComputationalCOPASI,
    title = {{Computational Modeling of Biochemical Networks Using COPASI}},
    year = {2009},
    author = {Mendes, Pedro and Hoops, Stefan and Sahle, Sven and Gauges, Ralph and Dada, Joseph and Kummer, Ursula},
    pages = {17--59},
    publisher = {Humana Press},
    url = {http://link.springer.com/10.1007/978-1-59745-525-1_2},
    doi = {10.1007/978-1-59745-525-1{\_}2}
}

@misc{COPASIDevelopmentTeamCOPASIsResearch,
    title = {{COPASI's Use In Research}},
    author = {{COPASI Development Team}},
    url = {http://copasi.org/Research/}
}

@article{Hoops2006COPASI--aSImulator,
    title = {{COPASI--a COmplex PAthway SImulator}},
    year = {2006},
    journal = {Bioinformatics},
    author = {Hoops, S. and Sahle, S. and Gauges, R. and Lee, C. and Pahle, J. and Simus, N. and Singhal, M. and Xu, L. and Mendes, P. and Kummer, U.},
    number = {24},
    month = {12},
    pages = {3067--3074},
    volume = {22},
    publisher = {Narnia},
    url = {https://academic.oup.com/bioinformatics/article-lookup/doi/10.1093/bioinformatics/btl485},
    doi = {10.1093/bioinformatics/btl485},
    issn = {1367-4803}
}

@article{Venturelli2018DecipheringCommunities.,
    title = {{Deciphering microbial interactions in synthetic human gut microbiome communities.}},
    year = {2018},
    journal = {Molecular systems biology},
    author = {Venturelli, Ophelia S and Carr, Alex C and Fisher, Garth and Hsu, Ryan H and Lau, Rebecca and Bowen, Benjamin P and Hromada, Susan and Northen, Trent and Arkin, Adam P},
    number = {6},
    month = {6},
    pages = {e8157},
    volume = {14},
    publisher = {EMBO Press},
    url = {http://www.ncbi.nlm.nih.gov/pubmed/29930200 http://www.pubmedcentral.nih.gov/articlerender.fcgi?artid=PMC6011841},
    doi = {10.15252/MSB.20178157},
    issn = {1744-4292},
    pmid = {29930200},
    keywords = {ecology, human gut microbiome, mathematical modeling, microbial community, microbial interaction}
}

@article{YilunWangDeepImages.,
    title = {{Deep neural networks are more accurate than humans at detecting sexual orientation from facial images.}},
    author = {{Yilun Wang} and {Michal Kosinski}},
    url = {https://osf.io/zn79k/}
}

@article{Hutchison2016DesignGenome,
    title = {{Design and synthesis of a minimal bacterial genome}},
    year = {2016},
    journal = {Science},
    author = {Hutchison, C. A. and Chuang, R.-Y. and Noskov, V. N. and Assad-Garcia, N. and Deerinck, T. J. and Ellisman, M. H. and Gill, J. and Kannan, K. and Karas, B. J. and Ma, L. and Pelletier, J. F. and Qi, Z.-Q. and Richter, R. A. and Strychalski, E. A. and Sun, L. and Suzuki, Y. and Tsvetanova, B. and Wise, K. S. and Smith, H. O. and Glass, J. I. and Merryman, C. and Gibson, D. G. and Venter, J. C.},
    number = {6280},
    month = {3},
    pages = {aad6253-aad6253},
    volume = {351},
    publisher = {American Association for the Advancement of Science},
    url = {http://www.ncbi.nlm.nih.gov/pubmed/27013737 http://www.sciencemag.org/cgi/doi/10.1126/science.aad6253},
    doi = {10.1126/science.aad6253},
    issn = {0036-8075},
    pmid = {27013737}
}

@misc{Xie2018DesigningApplications,
    title = {{Designing cell function: assembly of synthetic gene circuits for cell biology applications}},
    year = {2018},
    booktitle = {Nature Reviews Molecular Cell Biology},
    author = {Xie, Mingqi and Fussenegger, Martin},
    number = {8},
    month = {8},
    pages = {507--525},
    volume = {19},
    publisher = {Nature Publishing Group},
    doi = {10.1038/s41580-018-0024-z},
    issn = {14710080},
    keywords = {Gene regulatory networks, Genetic circuit engineering, Genetic engineering, Synthetic biology}
}

@article{Gibson2009EnzymaticKilobases,
    title = {{Enzymatic assembly of DNA molecules up to several hundred kilobases}},
    year = {2009},
    journal = {Nature Methods},
    author = {Gibson, Daniel G and Young, Lei and Chuang, Ray-Yuan and Venter, J Craig and Hutchison, Clyde A and Smith, Hamilton O},
    number = {5},
    month = {5},
    pages = {343--345},
    volume = {6},
    publisher = {Nature Publishing Group},
    url = {http://www.nature.com/articles/nmeth.1318},
    doi = {10.1038/nmeth.1318},
    issn = {1548-7091}
}

@article{Burset1996EvaluationPrograms,
    title = {{Evaluation of gene structure prediction programs}},
    year = {1996},
    journal = {Genomics},
    author = {Burset, Moisès and Guig{\'{o}}, Roderic},
    doi = {10.1006/geno.1996.0298},
    issn = {08887543}
}

@article{Burset1996EvaluationProgramsb,
    title = {{Evaluation of gene structure prediction programs}},
    year = {1996},
    journal = {Genomics},
    author = {Burset, Moisès and Guig{\'{o}}, Roderic},
    number = {3},
    month = {6},
    pages = {353--367},
    volume = {34},
    publisher = {Academic Press Inc.},
    doi = {10.1006/geno.1996.0298},
    issn = {08887543}
}

@misc{Reardon2017ExpertsTraits,
    title = {{Experts pan study claiming DNA can predict facial traits}},
    year = {2017},
    booktitle = {Nature},
    author = {Reardon, Sara},
    doi = {10.1038/nature.2017.22580},
    issn = {14764687}
}

@article{Weimann2016FromAnalyzer,
    title = {{From Genomes to Phenotypes: Traitar, the Microbial Trait Analyzer}},
    year = {2016},
    author = {Weimann, Aaron and Mooren, Kyra and Frank, Jeremy and Pope, Phillip B and Bremges, Andreas and Mchardy, Alice C},
    url = {https://github.com/hzi-bifo/traitar.},
    doi = {10.1128/mSystems.00101-16},
    keywords = {ancestral trait reconstruction, genotype-phenotype inference, metagenomics, microbial traits, phenotypes, phyletic patterns, single-cell genomics, support vector machines}
}

@article{Subramanian2005GeneProfiles.,
    title = {{Gene set enrichment analysis: a knowledge-based approach for interpreting genome-wide expression profiles.}},
    year = {2005},
    journal = {Proceedings of the National Academy of Sciences of the United States of America},
    author = {Subramanian, Aravind and Tamayo, Pablo and Mootha, Vamsi K and Mukherjee, Sayan and Ebert, Benjamin L and Gillette, Michael A and Paulovich, Amanda and Pomeroy, Scott L and Golub, Todd R and Lander, Eric S and Mesirov, Jill P},
    number = {43},
    month = {10},
    pages = {15545--50},
    volume = {102},
    publisher = {National Academy of Sciences},
    url = {http://www.ncbi.nlm.nih.gov/pubmed/16199517 http://www.pubmedcentral.nih.gov/articlerender.fcgi?artid=PMC1239896},
    doi = {10.1073/pnas.0506580102},
    issn = {0027-8424},
    pmid = {16199517}
}

@article{Nielsen2016GeneticAutomation,
    title = {{Genetic circuit design automation}},
    year = {2016},
    journal = {Science},
    author = {Nielsen, A. A. K. and Der, B. S. and Shin, J. and Vaidyanathan, P. and Paralanov, V. and Strychalski, E. A. and Ross, D. and Densmore, D. and Voigt, C. A.},
    number = {6281},
    month = {4},
    volume = {352},
    publisher = {American Association for the Advancement of Science},
    url = {https://www.sciencemag.org/lookup/doi/10.1126/science.aac7341},
    doi = {10.1126/science.aac7341}
}

@article{Stanton2014GenomicGates.,
    title = {{Genomic mining of prokaryotic repressors for orthogonal logic gates.}},
    year = {2014},
    journal = {Nature chemical biology},
    author = {Stanton, Brynne C. and Nielsen, Alec A.K. and Tamsir, Alvin and Clancy, Kevin and Peterson, Todd and Voigt, Christopher A.},
    number = {2},
    month = {12},
    pages = {99--105},
    volume = {10},
    publisher = {Nature Publishing Group},
    doi = {10.1038/nchembio.1411},
    issn = {15524469},
    keywords = {Data mining, Synthetic biology, Transcription factors, Translation}
}

@misc{GuidelinesNEB,
    title = {{Guidelines for PCR Optimization with Taq DNA Polymerase | NEB}},
    url = {https://international.neb.com/tools-and-resources/usage-guidelines/guidelines-for-pcr-optimization-with-taq-dna-polymerase}
}

@article{Lippert2017IdentificationData,
    title = {{Identification of individuals by trait prediction using whole-genome sequencing data}},
    year = {2017},
    journal = {Proceedings of the National Academy of Sciences},
    author = {Lippert, Christoph and Sabatini, Riccardo and Maher, M. Cyrus and Kang, Eun Yong and Lee, Seunghak and Arikan, Okan and Harley, Alena and Bernal, Axel and Garst, Peter and Lavrenko, Victor and Yocum, Ken and Wong, Theodore and Zhu, Mingfu and Yang, Wen-Yun and Chang, Chris and Lu, Tim and Lee, Charlie W. H. and Hicks, Barry and Ramakrishnan, Smriti and Tang, Haibao and Xie, Chao and Piper, Jason and Brewerton, Suzanne and Turpaz, Yaron and Telenti, Amalio and Roby, Rhonda K. and Och, Franz J. and Venter, J. Craig},
    isbn = {1091-6490 (Electronic)0027-8424 (Linking)},
    doi = {10.1073/pnas.1711125114},
    issn = {0027-8424},
    pmid = {28874526},
    arxivId = {10.1101/185330}
}

@article{Senior1923ImprovedLearning,
    title = {{Improved protein structure prediction using potentials from deep learning}},
    year = {1923},
    journal = {Nature},
    author = {Senior, Andrew W and Evans, Richard and Jumper, John and Kirkpatrick, James and Sifre, Laurent and Green, Tim and Qin, Chongli and {\v{Z}}{\'{i}}dek, Augustin and R Nelson, Alexander W and Bridgland, Alex and Penedones, Hugo and Petersen, Stig and Simonyan, Karen and Crossan, Steve and Kohli, Pushmeet and Jones, David T and Silver, David and Kavukcuoglu, Koray and Hassabis, Demis},
    url = {https://doi.org/10.1038/s41586-019-1923-7},
    doi = {10.1038/s41586-019-1923-7}
}

@techreport{Kanehisa2000KEGG:Genomes,
    title = {{KEGG: Kyoto Encyclopedia of Genes and Genomes}},
    year = {2000},
    booktitle = {Nucleic Acids Research},
    author = {Kanehisa, Minoru and Goto, Susumu},
    number = {1},
    pages = {27--30},
    volume = {28},
    url = {http://www.genome.ad.jp/kegg/}
}

@article{Kosuri2014Large-scaleApplications,
    title = {{Large-scale de novo DNA synthesis: technologies and applications}},
    year = {2014},
    journal = {Nature Methods},
    author = {Kosuri, Sriram and Church, George M},
    number = {5},
    month = {5},
    pages = {499--507},
    volume = {11},
    publisher = {Nature Publishing Group},
    url = {http://www.nature.com/articles/nmeth.2918},
    doi = {10.1038/nmeth.2918},
    issn = {1548-7091},
    keywords = {Chemical synthesis, Genetic engineering, Synthetic biology}
}

@article{Motta2013MathematicalSystems,
    title = {{Mathematical modeling of biological systems}},
    year = {2013},
    journal = {Briefings in Bioinformatics},
    author = {Motta, S. and Pappalardo, F.},
    number = {4},
    month = {7},
    pages = {411--422},
    volume = {14},
    publisher = {Narnia},
    url = {https://academic.oup.com/bib/article-lookup/doi/10.1093/bib/bbs061},
    doi = {10.1093/bib/bbs061},
    issn = {1467-5463}
}

@incollection{Aggarwal2001OnSpace,
    title = {{On the Surprising Behavior of Distance Metrics in High Dimensional Space}},
    year = {2001},
    author = {Aggarwal, Charu C. and Hinneburg, Alexander and Keim, Daniel A.},
    pages = {420--434},
    publisher = {Springer, Berlin, Heidelberg},
    url = {http://link.springer.com/10.1007/3-540-44503-X_27},
    doi = {10.1007/3-540-44503-X{\_}27}
}

@techreport{AggarwalOnSpace,
    title = {{On the Surprising Behavior of Distance Metrics in High Dimensional Space}},
    author = {Aggarwal, Charu C and Hinneburg, Alexander and Keim, Daniel A},
    url = {https://scibib.dbvis.de/uploadedFiles/155.pdf}
}

@article{Gibson2008One-stepGenome.,
    title = {{One-step assembly in yeast of 25 overlapping DNA fragments to form a complete synthetic Mycoplasma genitalium genome.}},
    year = {2008},
    journal = {Proceedings of the National Academy of Sciences of the United States of America},
    author = {Gibson, Daniel G and Benders, Gwynedd A and Axelrod, Kevin C and Zaveri, Jayshree and Algire, Mikkel A and Moodie, Monzia and Montague, Michael G and Venter, J Craig and Smith, Hamilton O and Hutchison, Clyde A},
    number = {51},
    month = {12},
    pages = {20404--9},
    volume = {105},
    publisher = {National Academy of Sciences},
    url = {http://www.ncbi.nlm.nih.gov/pubmed/19073939 http://www.pubmedcentral.nih.gov/articlerender.fcgi?artid=PMC2600582},
    doi = {10.1073/pnas.0811011106},
    issn = {1091-6490},
    pmid = {19073939}
}

@article{Haeusermann2017OpenWhy,
    title = {{Open sharing of genomic data: Who does it and why?}},
    year = {2017},
    journal = {PLoS ONE},
    author = {Haeusermann, Tobias and Greshake, Bastian and Blasimme, Alessandro and Irdam, Darja and Richards, Martin and Vayena, Effy},
    isbn = {19326203 (Electronic)},
    doi = {10.1371/journal.pone.0177158},
    issn = {19326203},
    pmid = {28486511}
}

@article{Folger2011PredictingNetworks,
    title = {{Predicting selective drug targets in cancer through metabolic networks}},
    year = {2011},
    journal = {Molecular Systems Biology},
    author = {Folger, Ori and Jerby, Livnat and Frezza, Christian and Gottlieb, Eyal and Ruppin, Eytan and Shlomi, Tomer},
    pages = {501},
    volume = {7},
    url = {www.molecularsystemsbiology.com},
    doi = {10.1038/msb.2011.35},
    keywords = {Subject Categories: metabolic and regulatory networks, metabolic, metabolism, modeling, selectivity, simulation and data analysis Keywords: cancer}
}

@article{Brophy2014PrinciplesDesign,
    title = {{Principles of genetic circuit design}},
    year = {2014},
    journal = {Nature Methods},
    author = {Brophy, Jennifer A.N. and Voigt, Christopher A.},
    number = {5},
    month = {4},
    volume = {11},
    publisher = {Nature Publishing Group},
    doi = {10.1038/nmeth.2926},
    pmid = {24781324},
    keywords = {Genetic engineering, Synthetic biology}
}

@article{Stemmer1995Single-stepOligodeoxyribonucleotides,
    title = {{Single-step assembly of a gene and entire plasmid from large numbers of oligodeoxyribonucleotides}},
    year = {1995},
    journal = {Gene},
    author = {Stemmer, Willem P.C. and Crameri, Andreas and Ha, Kim D. and Brennan, Thomas M. and Heyneker, Herbert L.},
    number = {1},
    month = {10},
    pages = {49--53},
    volume = {164},
    publisher = {Elsevier},
    url = {https://www.sciencedirect.com/science/article/pii/0378111995005114?via%3Dihub},
    doi = {10.1016/0378-1119(95)00511-4},
    issn = {0378-1119}
}

@article{Mestre2018SinkingMicrobiome,
    title = {{Sinking particles promote vertical connectivity in the ocean microbiome}},
    year = {2018},
    journal = {Proceedings of the National Academy of Sciences},
    author = {Mestre, Mireia and Ruiz-Gonz{\'{a}}lez, Clara and Logares, Ramiro and Duarte, Carlos M. and Gasol, Josep M. and Sala, M. Montserrat},
    isbn = {1802470115},
    doi = {10.1073/pnas.1802470115},
    issn = {0027-8424},
    pmid = {29967136}
}

@misc{Spillmann2019SplitRecruitment,
    title = {{Split NanoLuc biosensors for arrestin recruitment}},
    year = {2019},
    author = {Spillmann, Martin},
    pages = {10}
}

@techreport{StadlerStatisticalSequences,
    title = {{Statistical and Computational Analysis of Genetic Sequences}},
    author = {Stadler, Tanja and Magnus, Carsten and Vaughan, Timothy and Barido-Sottani, Joëlle and Bo{\v{s}}kov{\'{a}}, Veronika and Ulija Pe{\v{c}}erska, J¯ and Huisman, Jana}
}

@techreport{SunagawaStructureMicrobiome,
    title = {{Structure and function of the global ocean microbiome}},
    author = {Sunagawa, Shinichi and Luis, † and Coelho, Pedro and Chaffron, Samuel and Kultima, Jens Roat and Labadie, Karine and Salazar, Guillem and Djahanschiri, Bardya and Zeller, Georg and Mende, Daniel R and Alberti, Adriana and Cornejo-Castillo, Francisco M and Costea, Paul I and Cruaud, Corinne and D'ovidio, Francesco and Engelen, Stefan and Ferrera, Isabel and Gasol, Josep M and Guidi, Lionel and Hildebrand, Falk and Kokoszka, Florian and Lepoivre, Cyrille and Lima-Mendez, Gipsi and Poulain, Julie and Poulos, Bonnie T and Royo-Llonch, Marta and Sarmento, Hugo and Vieira-Silva, Sara and Dimier, Céline and Picheral, Marc and Searson, Sarah and Kandels-Lewis, Stefanie and Pesant, Stephane and Speich, Sabrina and Stemmann, Lars and Sullivan, Matthew B and Weissenbach, Jean and Wincker, Patrick and Karsenti, Eric and Raes, Jeroen and Acinas, Silvia G and Peer Bork, †},
    volume = {15},
    url = {http://science.sciencemag.org/}
}

@article{Cloney2016SyntheticDesign,
    title = {{Synthetic biology: Automating genetic circuit design}},
    year = {2016},
    journal = {Nature Publishing Group},
    author = {Cloney, Ross},
    url = {www.nature.com/nrg},
    doi = {10.1126/science.aac7341}
}

@article{Konig2013SyntheticConcerns.,
    title = {{Synthetic genomics and synthetic biology applications between hopes and concerns.}},
    year = {2013},
    journal = {Current genomics},
    author = {K{\"{o}}nig, Harald and Frank, Daniel and Heil, Reinhard and Coenen, Christopher},
    number = {1},
    month = {3},
    pages = {11--24},
    volume = {14},
    publisher = {Bentham Science Publishers},
    url = {http://www.ncbi.nlm.nih.gov/pubmed/23997647 http://www.pubmedcentral.nih.gov/articlerender.fcgi?artid=PMC3580775},
    doi = {10.2174/1389202911314010003},
    issn = {1389-2029},
    pmid = {23997647},
    keywords = {Applications, Benefits, Biofuels, Biomedicine, Environment, Risks, Synthetic biology., Synthetic genomics}
}

@article{McCarthy2011SystemsWeaknesses,
    title = {{Systems biology: Lethal weaknesses}},
    year = {2011},
    journal = {Nature Publishing Group},
    author = {McCarthy, Nicola},
    url = {https://www.nature.com/articles/nrc3109.pdf},
    doi = {10.1038/nrc3109}
}

@article{1987TheTrees.,
    title = {{The neighbor-joining method: a new method for reconstructing phylogenetic trees.}},
    year = {1987},
    journal = {Molecular Biology and Evolution},
    month = {7},
    publisher = {Oxford University Press (OUP)},
    doi = {10.1093/oxfordjournals.molbev.a040454},
    issn = {0737-4038},
    pmid = {3447015}
}

@article{DanielGietz2002TransformationMethod,
    title = {{Transformation of yeast by lithium acetate/single-stranded carrier DNA/polyethylene glycol method}},
    year = {2002},
    journal = {Methods in Enzymology},
    author = {Daniel Gietz, R. and Woods, Robin A.},
    month = {1},
    pages = {87--96},
    volume = {350},
    publisher = {Academic Press},
    url = {https://www.sciencedirect.com/science/article/pii/S0076687902509575},
    isbn = {9780121822538},
    doi = {10.1016/S0076-6879(02)50957-5},
    issn = {0076-6879}
}